<record><leader>00000cas a2200000 a 4500</leader><controlfield tag="001">11386766</controlfield><controlfield tag="008">841114d18731885azudr ne      0    0eng d</controlfield><datafield ind1=" " ind2=" " tag="010"><subfield code="a">sn 84031744 </subfield></datafield><datafield ind1=" " ind2=" " tag="040"><subfield code="a">NYG</subfield><subfield code="b">eng</subfield><subfield code="c">NYG</subfield><subfield code="d">ANU</subfield><subfield code="d">CNK</subfield><subfield code="d">NVM</subfield><subfield code="d">ANN</subfield><subfield code="d">OCLCQ</subfield><subfield code="d">OCLCF</subfield><subfield code="d">OCLCO</subfield></datafield><datafield ind1="1" ind2=" " tag="029"><subfield code="a">AU@</subfield><subfield code="b">000020515164</subfield></datafield><datafield ind1=" " ind2=" " tag="042"><subfield code="a">msc</subfield></datafield><datafield ind1=" " ind2=" " tag="043"><subfield code="a">n-us-az</subfield></datafield><datafield ind1="0" ind2=" " tag="130"><subfield code="a">Daily Arizona miner (Prescott, Ariz. : 1873)</subfield></datafield><datafield ind1="1" ind2="4" tag="245"><subfield code="a">The Daily Arizona miner.</subfield></datafield><datafield ind1="3" ind2="0" tag="246"><subfield code="a">Arizona miner</subfield></datafield><datafield ind1="3" ind2="0" tag="246"><subfield code="a">Arizona daily miner</subfield></datafield><datafield ind1=" " ind2=" " tag="260"><subfield code="a">Prescott, Ariz. :</subfield><subfield code="b">John H. Marion &amp; Co.,</subfield><subfield code="c">1873-</subfield></datafield><datafield ind1=" " ind2=" " tag="300"><subfield code="a">v.</subfield></datafield><datafield ind1=" " ind2=" " tag="310"><subfield code="a">Daily (except Fri. and Sun.)</subfield></datafield><datafield ind1="0" ind2=" " tag="362"><subfield code="a">Vol. 1, no. 1 (Dec. 1, 1873)-</subfield></datafield><datafield ind1="1" ind2=" " tag="362"><subfield code="a">Ceased 1885.</subfield></datafield><datafield ind1=" " ind2=" " tag="515"><subfield code="a">Suspended with Nov. 17, 1874 issue; resumed with Nov. 30, 1874 issue.</subfield></datafield><datafield ind1=" " ind2=" " tag="580"><subfield code="a">Merged with: Daily Arizona journal, to form: Arizona journal-miner (Prescott, Ariz. : 1885).</subfield></datafield><datafield ind1=" " ind2="0" tag="651"><subfield code="a">Prescott (Ariz.)</subfield><subfield code="v">Newspapers.</subfield></datafield><datafield ind1=" " ind2="0" tag="651"><subfield code="a">Yavapai County (Ariz.)</subfield><subfield code="v">Newspapers.</subfield></datafield><datafield ind1=" " ind2="7" tag="655"><subfield code="a">Newspapers.</subfield><subfield code="2">fast</subfield><subfield code="0">(OCoLC)fst01423814</subfield></datafield><datafield ind1=" " ind2="7" tag="651"><subfield code="a">Arizona</subfield><subfield code="z">Prescott.</subfield><subfield code="2">fast</subfield><subfield code="0">(OCoLC)fst01210000</subfield></datafield><datafield ind1=" " ind2="7" tag="651"><subfield code="a">Arizona</subfield><subfield code="z">Yavapai County.</subfield><subfield code="2">fast</subfield><subfield code="0">(OCoLC)fst01217120</subfield></datafield><datafield ind1=" " ind2=" " tag="752"><subfield code="a">United States</subfield><subfield code="b">Arizona</subfield><subfield code="c">Yavapai</subfield><subfield code="d">Prescott.</subfield></datafield><datafield ind1="0" ind2=" " tag="775"><subfield code="t">Weekly Arizona miner (Prescott, Ariz. : 1868)</subfield><subfield code="w">(DLC)sn 82014899</subfield></datafield><datafield ind1="0" ind2=" " tag="775"><subfield code="t">Arizona weekly miner</subfield><subfield code="w">(DLC)sn 82014898</subfield></datafield><datafield ind1="1" ind2="7" tag="785"><subfield code="t">Daily Arizona journal</subfield><subfield code="w">(DLC)sn 95060839</subfield></datafield><datafield ind1="1" ind2="7" tag="785"><subfield code="t">Arizona journal-miner (Prescott, Ariz. : 1885)</subfield><subfield code="w">(DLC)sn 94052362</subfield></datafield></record>